<record><leader>00000cas a22000007a 4500</leader><controlfield tag="001">10747279</controlfield><controlfield tag="008">840518d18521852mauwn ne      0    0eng d</controlfield><datafield ind1=" " ind2=" " tag="010"><subfield code="a">sn 84023122 </subfield></datafield><datafield ind1=" " ind2=" " tag="040"><subfield code="a">AQM</subfield><subfield code="b">eng</subfield><subfield code="c">AQM</subfield><subfield code="d">DLC</subfield><subfield code="d">OCLCQ</subfield><subfield code="d">OCLCF</subfield><subfield code="d">OCLCO</subfield></datafield><datafield ind1="1" ind2=" " tag="029"><subfield code="a">AU@</subfield><subfield code="b">000025820300</subfield></datafield><datafield ind1=" " ind2=" " tag="042"><subfield code="a">msc</subfield></datafield><datafield ind1=" " ind2=" " tag="043"><subfield code="a">n-us-ma</subfield></datafield><datafield ind1="0" ind2="0" tag="050"><subfield code="a">Newspaper 8187</subfield></datafield><datafield ind1="0" ind2=" " tag="130"><subfield code="a">Campaign post (Boston, Mass. : 1852)</subfield></datafield><datafield ind1="1" ind2="4" tag="245"><subfield code="a">The campaign post.</subfield></datafield><datafield ind1=" " ind2=" " tag="260"><subfield code="a">Boston [Mass.] :</subfield><subfield code="b">Beals, Greene &amp; Co.</subfield></datafield><datafield ind1=" " ind2=" " tag="300"><subfield code="a">v. ;</subfield><subfield code="c">56-78 cm.</subfield></datafield><datafield ind1=" " ind2=" " tag="310"><subfield code="a">Weekly (for several months during Presidential election years)</subfield></datafield><datafield ind1="1" ind2=" " tag="362"><subfield code="a">Began with July 3, 1852 issue; ceased with Nov. 6, 1852 issue.</subfield><subfield code="z">Cf. Amer. newspapers, 1821-1936.</subfield></datafield><datafield ind1=" " ind2=" " tag="500"><subfield code="a">Campaign paper of the Democratic Party.</subfield></datafield><datafield ind1=" " ind2=" " tag="580"><subfield code="a">Other editions: Boston statesman (Weekly); Boston statesman and weekly post; Boston press and post; Boston post (1842).</subfield></datafield><datafield ind1=" " ind2=" " tag="588"><subfield code="a">Description based on: No. 4 (July 24, 1852).</subfield></datafield><datafield ind1=" " ind2="0" tag="651"><subfield code="a">Boston (Mass.)</subfield><subfield code="v">Newspapers.</subfield></datafield><datafield ind1=" " ind2="7" tag="655"><subfield code="a">Campaign newspapers.</subfield><subfield code="2">ngl</subfield></datafield><datafield ind1=" " ind2="7" tag="655"><subfield code="a">Newspapers.</subfield><subfield code="2">fast</subfield><subfield code="0">(OCoLC)fst01423814</subfield></datafield><datafield ind1=" " ind2="7" tag="651"><subfield code="a">Massachusetts</subfield><subfield code="z">Boston.</subfield><subfield code="2">fast</subfield><subfield code="0">(OCoLC)fst01205012</subfield></datafield><datafield ind1=" " ind2=" " tag="752"><subfield code="a">United States</subfield><subfield code="b">Massachusetts</subfield><subfield code="c">Suffolk</subfield><subfield code="d">Boston.</subfield></datafield><datafield ind1="1" ind2=" " tag="775"><subfield code="t">Boston post (Boston, Mass. : 1842)</subfield><subfield code="w">(DLC)sn 84023564</subfield></datafield><datafield ind1="1" ind2=" " tag="775"><subfield code="t">Boston statesman (Boston, Mass. : Weekly)</subfield><subfield code="w">(DLC)sn 84023561</subfield></datafield><datafield ind1="1" ind2=" " tag="775"><subfield code="t">Boston statesman and weekly post</subfield><subfield code="w">(DLC)sn 84023566</subfield></datafield><datafield ind1="1" ind2=" " tag="775"><subfield code="t">Boston press and post</subfield><subfield code="w">(DLC)sn 84023565</subfield></datafield></record>